
@misc{Cypressio,
	author = {Cypress.io},
	title = {Cypress.io},
	year = 2020,
	howpublished={\url{https://www.cypress.io/}},
	urldate = {2020-07-24},
	note = {[Online; accessed July 24, 2020]},
}

@misc{CypressioGit,
	author = {Cypress.io},
	title = {Cypress Github},
	year = 2020,
	howpublished={\url{https://github.com/cypress-io/cypress}},
	urldate = {2020-07-24},
	note = {[Online; accessed July 24, 2020]},
}
